@MISC{EthereumDocs,
  AUTHOR =       {Ethereum Foundation},
  TITLE =        {Ethereum Documentation},
  HOWPUBLISHED =    {\href{https://docs.openzeppelin.com/}},
  note = 	 {Accessed: 2010-09-30},
  urldate = {2022-03-14}
  LANGUAGE =     {English}
}

@MISC{ZeppelinDocs,
  AUTHOR =       {Zeppelin Foundation},
  TITLE =        {Ethereum Documentation},
  HOWPUBLISHED =    {\href{https://ethereum.org/en/developers/docs/}},
  note = 	 {Accessed: 2010-09-30},
  urldate = {2022-03-14}
  LANGUAGE =     {English}
}

@MISC{TruffleDocs,
  AUTHOR =       {Truffle Suite},
  TITLE =        {Truffle Suite Documentation},
  HOWPUBLISHED =    {\href{https://trufflesuite.com/docs/}},
  note = 	 {Accessed: 2010-09-30},
  urldate = {2022-03-14}
  LANGUAGE =     {English}
}
